Trade_Time,Price_USD,Volume_BTC,Symbol
2025-09-30 02:07:54.725,114443.4,0.003,BTCUSDT
2025-09-30 02:07:55.116,114443.4,0.002,BTCUSDT
2025-09-30 02:07:55.116,114443.4,0.001,BTCUSDT
2025-09-30 02:07:55.116,114443.4,0.001,BTCUSDT
2025-09-30 02:07:55.116,114443.4,0.001,BTCUSDT
2025-09-30 02:07:55.116,114443.4,0.001,BTCUSDT
2025-09-30 02:07:55.457,114443.4,0.031,BTCUSDT
2025-09-30 02:07:55.489,114443.4,0.003,BTCUSDT
2025-09-30 02:07:55.692,114443.4,0.002,BTCUSDT
2025-09-30 02:07:56.454,114443.4,0.002,BTCUSDT
2025-09-30 02:07:56.514,114443.4,0.018,BTCUSDT
2025-09-30 02:07:56.514,114443.4,0.001,BTCUSDT
2025-09-30 02:07:56.514,114443.4,0.002,BTCUSDT
2025-09-30 02:07:56.514,114443.4,0.01,BTCUSDT
2025-09-30 02:07:56.627,114443.4,0.017,BTCUSDT
2025-09-30 02:07:56.944,114443.5,0.001,BTCUSDT
2025-09-30 02:07:57.085,114443.5,0.006,BTCUSDT
2025-09-30 02:07:57.484,114443.4,0.001,BTCUSDT
2025-09-30 02:07:57.484,114443.4,0.001,BTCUSDT
2025-09-30 02:07:57.484,114443.4,0.081,BTCUSDT
2025-09-30 02:07:57.569,114443.4,0.031,BTCUSDT
2025-09-30 02:07:57.651,114443.5,0.001,BTCUSDT
2025-09-30 02:07:58.203,114443.4,0.002,BTCUSDT
2025-09-30 02:07:58.205,114443.4,0.139,BTCUSDT
2025-09-30 02:07:58.205,114443.4,0.002,BTCUSDT
2025-09-30 02:07:58.205,114443.4,0.001,BTCUSDT
2025-09-30 02:07:58.205,114443.4,0.002,BTCUSDT
2025-09-30 02:07:58.205,114443.4,0.009,BTCUSDT
2025-09-30 02:07:58.205,114443.4,0.008,BTCUSDT
2025-09-30 02:07:58.205,114443.4,0.002,BTCUSDT
2025-09-30 02:07:58.205,114443.4,0.013,BTCUSDT
2025-09-30 02:07:58.205,114443.4,0.001,BTCUSDT
2025-09-30 02:07:58.205,114443.4,0.023,BTCUSDT
2025-09-30 02:07:58.211,114443.3,0.001,BTCUSDT
2025-09-30 02:07:58.211,114443.3,0.001,BTCUSDT
2025-09-30 02:07:58.211,114443.3,0.014,BTCUSDT
2025-09-30 02:07:58.211,114443.3,0.004,BTCUSDT
2025-09-30 02:07:58.211,114443.3,0.002,BTCUSDT
2025-09-30 02:07:58.211,114443.3,0.001,BTCUSDT
2025-09-30 02:07:58.213,114443.1,0.003,BTCUSDT
2025-09-30 02:07:58.213,114443.1,0.001,BTCUSDT
2025-09-30 02:07:58.213,114442.8,0.002,BTCUSDT
2025-09-30 02:07:58.213,114442.8,0.002,BTCUSDT
2025-09-30 02:07:58.213,114442.8,0.002,BTCUSDT
2025-09-30 02:07:58.213,114442.8,0.003,BTCUSDT
2025-09-30 02:07:58.213,114442.2,0.001,BTCUSDT
2025-09-30 02:07:58.213,114442.2,0.002,BTCUSDT
2025-09-30 02:07:58.236,114442.0,0.01,BTCUSDT
2025-09-30 02:07:58.236,114442.0,0.001,BTCUSDT
2025-09-30 02:07:58.236,114441.6,0.002,BTCUSDT
2025-09-30 02:07:58.236,114441.6,0.002,BTCUSDT
2025-09-30 02:07:58.236,114441.2,0.001,BTCUSDT
2025-09-30 02:07:58.236,114441.0,0.002,BTCUSDT
2025-09-30 02:07:58.236,114440.7,0.001,BTCUSDT
2025-09-30 02:07:58.236,114440.4,0.002,BTCUSDT
2025-09-30 02:07:58.236,114440.0,0.001,BTCUSDT
2025-09-30 02:07:58.236,114439.9,0.001,BTCUSDT
2025-09-30 02:07:58.236,114439.8,0.002,BTCUSDT
2025-09-30 02:07:58.236,114439.6,0.001,BTCUSDT
2025-09-30 02:07:58.236,114439.4,0.002,BTCUSDT
2025-09-30 02:07:58.236,114439.2,0.002,BTCUSDT
2025-09-30 02:07:58.236,114438.9,0.002,BTCUSDT
2025-09-30 02:07:58.236,114438.8,0.005,BTCUSDT
2025-09-30 02:07:58.236,114438.6,0.001,BTCUSDT
2025-09-30 02:07:58.236,114438.6,0.002,BTCUSDT
2025-09-30 02:07:58.236,114438.3,0.001,BTCUSDT
2025-09-30 02:07:58.236,114438.3,0.005,BTCUSDT
2025-09-30 02:07:58.236,114438.2,0.002,BTCUSDT
2025-09-30 02:07:58.236,114438.0,0.002,BTCUSDT
2025-09-30 02:07:58.236,114437.8,0.001,BTCUSDT
2025-09-30 02:07:58.236,114437.8,0.002,BTCUSDT
2025-09-30 02:07:58.236,114437.5,0.001,BTCUSDT
2025-09-30 02:07:58.236,114437.4,0.002,BTCUSDT
2025-09-30 02:07:58.236,114437.4,0.001,BTCUSDT
2025-09-30 02:07:58.236,114437.4,0.027,BTCUSDT
2025-09-30 02:07:58.236,114436.8,0.001,BTCUSDT
2025-09-30 02:07:58.236,114436.8,0.002,BTCUSDT
2025-09-30 02:07:58.236,114436.8,0.002,BTCUSDT
2025-09-30 02:07:58.398,114436.7,0.001,BTCUSDT
2025-09-30 02:07:58.434,114436.7,0.025,BTCUSDT
2025-09-30 02:07:58.474,114436.7,0.002,BTCUSDT
2025-09-30 02:07:58.501,114436.7,0.06,BTCUSDT
2025-09-30 02:07:58.501,114436.7,0.001,BTCUSDT
2025-09-30 02:07:58.501,114436.7,0.002,BTCUSDT
2025-09-30 02:07:58.501,114436.7,0.002,BTCUSDT
2025-09-30 02:07:58.501,114436.7,0.017,BTCUSDT
2025-09-30 02:07:58.501,114436.7,0.003,BTCUSDT
2025-09-30 02:07:58.501,114436.6,0.001,BTCUSDT
2025-09-30 02:07:58.501,114436.6,0.001,BTCUSDT
2025-09-30 02:07:58.504,114436.2,0.002,BTCUSDT
2025-09-30 02:07:58.504,114435.6,0.002,BTCUSDT
2025-09-30 02:07:58.504,114435.0,0.001,BTCUSDT
2025-09-30 02:07:58.504,114435.0,0.002,BTCUSDT
2025-09-30 02:07:58.504,114435.0,0.027,BTCUSDT
2025-09-30 02:07:58.648,114434.6,0.032,BTCUSDT
2025-09-30 02:07:58.651,114434.6,0.147,BTCUSDT
2025-09-30 02:07:58.651,114434.6,0.002,BTCUSDT
2025-09-30 02:07:58.651,114434.6,0.001,BTCUSDT
2025-09-30 02:07:58.651,114434.5,0.001,BTCUSDT
2025-09-30 02:07:58.651,114434.5,0.001,BTCUSDT
2025-09-30 02:07:58.651,114434.4,0.001,BTCUSDT
2025-09-30 02:07:58.651,114434.4,0.002,BTCUSDT
2025-09-30 02:07:58.651,114434.1,0.001,BTCUSDT
2025-09-30 02:07:58.651,114433.8,0.002,BTCUSDT
2025-09-30 02:07:58.651,114433.6,0.002,BTCUSDT
2025-09-30 02:07:58.651,114433.5,0.001,BTCUSDT
2025-09-30 02:07:58.651,114433.3,0.002,BTCUSDT
2025-09-30 02:07:58.651,114433.2,0.002,BTCUSDT
2025-09-30 02:07:58.651,114433.2,0.002,BTCUSDT
2025-09-30 02:07:58.651,114433.1,0.001,BTCUSDT
2025-09-30 02:07:58.651,114432.6,0.002,BTCUSDT
2025-09-30 02:07:58.803,114432.2,0.024,BTCUSDT
2025-09-30 02:07:59.329,114432.1,0.002,BTCUSDT
2025-09-30 02:07:59.329,114432.1,0.011,BTCUSDT
2025-09-30 02:07:59.451,114432.1,0.05,BTCUSDT
2025-09-30 02:07:59.451,114432.1,0.002,BTCUSDT
2025-09-30 02:07:59.451,114432.1,0.029,BTCUSDT
2025-09-30 02:07:59.451,114432.1,0.029,BTCUSDT
2025-09-30 02:07:59.451,114432.1,0.006,BTCUSDT
2025-09-30 02:07:59.451,114432.1,0.05,BTCUSDT
2025-09-30 02:07:59.451,114432.1,0.001,BTCUSDT
2025-09-30 02:07:59.451,114432.1,0.002,BTCUSDT
2025-09-30 02:07:59.451,114432.0,0.002,BTCUSDT
2025-09-30 02:07:59.451,114432.0,0.001,BTCUSDT
2025-09-30 02:07:59.451,114432.0,0.001,BTCUSDT
2025-09-30 02:07:59.482,114432.0,0.002,BTCUSDT
2025-09-30 02:07:59.482,114432.0,0.001,BTCUSDT
2025-09-30 02:07:59.482,114432.0,0.001,BTCUSDT
2025-09-30 02:07:59.482,114432.0,0.001,BTCUSDT
2025-09-30 02:07:59.482,114431.4,0.001,BTCUSDT
2025-09-30 02:07:59.482,114431.4,0.002,BTCUSDT
2025-09-30 02:07:59.482,114431.4,0.001,BTCUSDT
2025-09-30 02:07:59.482,114431.4,0.001,BTCUSDT
2025-09-30 02:07:59.482,114431.3,0.027,BTCUSDT
2025-09-30 02:07:59.482,114431.3,0.001,BTCUSDT
2025-09-30 02:07:59.510,114431.3,0.001,BTCUSDT
2025-09-30 02:07:59.510,114431.3,0.001,BTCUSDT
2025-09-30 02:07:59.510,114431.3,0.001,BTCUSDT
2025-09-30 02:07:59.510,114431.3,0.001,BTCUSDT
2025-09-30 02:07:59.510,114431.3,0.001,BTCUSDT
2025-09-30 02:07:59.510,114431.3,0.001,BTCUSDT
2025-09-30 02:07:59.510,114431.2,0.002,BTCUSDT
2025-09-30 02:07:59.542,114431.3,0.001,BTCUSDT
2025-09-30 02:07:59.543,114431.3,0.031,BTCUSDT
2025-09-30 02:07:59.543,114431.3,0.001,BTCUSDT
2025-09-30 02:07:59.543,114431.3,0.001,BTCUSDT
2025-09-30 02:07:59.543,114431.3,0.001,BTCUSDT
2025-09-30 02:07:59.550,114431.3,0.059,BTCUSDT
2025-09-30 02:07:59.550,114431.2,0.003,BTCUSDT
2025-09-30 02:07:59.550,114431.2,0.001,BTCUSDT
2025-09-30 02:07:59.550,114431.2,0.001,BTCUSDT
2025-09-30 02:07:59.550,114431.1,0.001,BTCUSDT
2025-09-30 02:07:59.550,114431.0,0.036,BTCUSDT
2025-09-30 02:07:59.550,114430.9,0.001,BTCUSDT
2025-09-30 02:07:59.550,114430.8,0.001,BTCUSDT
2025-09-30 02:07:59.550,114430.8,0.002,BTCUSDT
2025-09-30 02:07:59.630,114430.4,0.032,BTCUSDT
2025-09-30 02:07:59.709,114430.5,0.001,BTCUSDT
2025-09-30 02:07:59.710,114430.5,0.008,BTCUSDT
2025-09-30 02:07:59.710,114430.5,0.008,BTCUSDT
2025-09-30 02:07:59.710,114430.5,0.001,BTCUSDT
2025-09-30 02:07:59.845,114430.5,0.037,BTCUSDT
2025-09-30 02:07:59.912,114430.4,0.002,BTCUSDT
2025-09-30 02:08:00.014,114430.4,0.045,BTCUSDT
2025-09-30 02:08:00.014,114430.4,0.045,BTCUSDT
2025-09-30 02:08:00.014,114430.4,0.045,BTCUSDT
2025-09-30 02:08:00.014,114430.4,0.018,BTCUSDT
2025-09-30 02:08:00.014,114430.4,0.001,BTCUSDT
2025-09-30 02:08:00.014,114430.4,0.026,BTCUSDT
2025-09-30 02:08:00.014,114430.4,0.022,BTCUSDT
2025-09-30 02:08:00.014,114430.4,0.011,BTCUSDT
2025-09-30 02:08:00.014,114430.4,0.011,BTCUSDT
2025-09-30 02:08:00.014,114430.4,0.055,BTCUSDT
2025-09-30 02:08:00.014,114430.4,0.055,BTCUSDT
2025-09-30 02:08:00.014,114430.4,0.022,BTCUSDT
2025-09-30 02:08:00.015,114430.4,0.089,BTCUSDT
2025-09-30 02:08:00.019,114430.4,0.001,BTCUSDT
2025-09-30 02:08:00.019,114430.4,0.016,BTCUSDT
2025-09-30 02:08:00.019,114430.4,0.001,BTCUSDT
2025-09-30 02:08:00.019,114430.4,0.003,BTCUSDT
2025-09-30 02:08:00.019,114430.4,0.002,BTCUSDT
2025-09-30 02:08:00.019,114430.3,0.001,BTCUSDT
2025-09-30 02:08:00.019,114430.3,0.001,BTCUSDT
2025-09-30 02:08:00.019,114430.3,0.001,BTCUSDT
2025-09-30 02:08:00.019,114430.2,0.003,BTCUSDT
2025-09-30 02:08:00.019,114430.2,0.002,BTCUSDT
2025-09-30 02:08:00.019,114430.2,0.002,BTCUSDT
2025-09-30 02:08:00.019,114430.0,0.002,BTCUSDT
2025-09-30 02:08:00.019,114430.0,0.1,BTCUSDT
2025-09-30 02:08:00.019,114430.0,0.001,BTCUSDT
2025-09-30 02:08:00.019,114429.9,0.002,BTCUSDT
2025-09-30 02:08:00.019,114429.6,0.001,BTCUSDT
2025-09-30 02:08:00.019,114429.6,0.002,BTCUSDT
2025-09-30 02:08:00.198,114429.3,0.156,BTCUSDT
2025-09-30 02:08:00.198,114429.3,0.006,BTCUSDT
2025-09-30 02:08:00.198,114429.3,0.002,BTCUSDT
2025-09-30 02:08:00.198,114429.3,0.002,BTCUSDT
2025-09-30 02:08:00.198,114429.2,0.001,BTCUSDT
2025-09-30 02:08:00.198,114429.2,0.001,BTCUSDT
2025-09-30 02:08:00.201,114429.0,0.001,BTCUSDT
2025-09-30 02:08:00.201,114429.0,0.002,BTCUSDT
2025-09-30 02:08:00.201,114429.0,0.001,BTCUSDT
2025-09-30 02:08:00.201,114428.9,0.023,BTCUSDT
2025-09-30 02:08:00.201,114428.4,0.002,BTCUSDT
2025-09-30 02:08:00.201,114428.1,0.003,BTCUSDT
2025-09-30 02:08:00.486,114427.8,0.002,BTCUSDT
2025-09-30 02:08:00.486,114427.8,0.021,BTCUSDT
2025-09-30 02:08:00.486,114427.8,0.002,BTCUSDT
2025-09-30 02:08:00.486,114427.8,0.001,BTCUSDT
2025-09-30 02:08:00.486,114427.8,0.002,BTCUSDT
2025-09-30 02:08:00.486,114427.7,0.001,BTCUSDT
2025-09-30 02:08:00.486,114427.7,0.001,BTCUSDT
2025-09-30 02:08:00.486,114427.7,0.001,BTCUSDT
2025-09-30 02:08:00.486,114427.5,0.001,BTCUSDT
2025-09-30 02:08:00.486,114427.5,0.002,BTCUSDT
2025-09-30 02:08:00.486,114427.5,0.001,BTCUSDT
2025-09-30 02:08:00.486,114427.4,0.002,BTCUSDT
2025-09-30 02:08:00.486,114427.2,0.002,BTCUSDT
2025-09-30 02:08:00.486,114426.8,0.002,BTCUSDT
2025-09-30 02:08:00.486,114426.6,0.002,BTCUSDT
2025-09-30 02:08:00.486,114426.3,0.065,BTCUSDT
2025-09-30 02:08:00.487,114426.2,0.002,BTCUSDT
2025-09-30 02:08:00.487,114426.0,0.001,BTCUSDT
2025-09-30 02:08:00.487,114426.0,0.002,BTCUSDT
2025-09-30 02:08:00.487,114425.9,0.027,BTCUSDT
2025-09-30 02:08:00.490,114425.7,0.036,BTCUSDT
2025-09-30 02:08:00.495,114425.7,0.003,BTCUSDT
2025-09-30 02:08:00.555,114425.7,0.001,BTCUSDT
2025-09-30 02:08:00.556,114425.7,0.001,BTCUSDT
2025-09-30 02:08:00.556,114425.7,0.002,BTCUSDT
2025-09-30 02:08:00.556,114425.7,0.003,BTCUSDT
2025-09-30 02:08:00.556,114425.6,0.002,BTCUSDT
2025-09-30 02:08:00.556,114425.6,0.001,BTCUSDT
2025-09-30 02:08:00.556,114425.6,0.001,BTCUSDT
2025-09-30 02:08:00.556,114425.6,0.001,BTCUSDT
2025-09-30 02:08:00.556,114425.6,0.001,BTCUSDT
2025-09-30 02:08:00.556,114425.4,0.002,BTCUSDT
2025-09-30 02:08:00.556,114425.2,0.001,BTCUSDT
2025-09-30 02:08:00.634,114425.2,0.001,BTCUSDT
2025-09-30 02:08:00.636,114425.1,0.032,BTCUSDT
2025-09-30 02:08:01.032,114425.2,0.031,BTCUSDT
2025-09-30 02:08:01.127,114425.1,0.047,BTCUSDT
2025-09-30 02:08:01.132,114425.2,0.029,BTCUSDT
2025-09-30 02:08:01.531,114425.1,0.002,BTCUSDT
2025-09-30 02:08:01.577,114425.2,0.031,BTCUSDT
2025-09-30 02:08:01.639,114425.2,0.001,BTCUSDT
2025-09-30 02:08:01.652,114425.1,0.032,BTCUSDT
2025-09-30 02:08:01.682,114425.1,0.402,BTCUSDT
2025-09-30 02:08:01.683,114425.1,0.01,BTCUSDT
2025-09-30 02:08:01.683,114425.1,0.001,BTCUSDT
2025-09-30 02:08:01.683,114425.1,0.001,BTCUSDT
2025-09-30 02:08:01.683,114425.1,0.003,BTCUSDT
2025-09-30 02:08:01.720,114425.2,0.068,BTCUSDT
2025-09-30 02:08:01.738,114425.2,0.011,BTCUSDT
2025-09-30 02:08:01.860,114425.2,0.608,BTCUSDT
2025-09-30 02:08:01.860,114425.2,0.634,BTCUSDT
2025-09-30 02:08:02.131,114425.2,0.001,BTCUSDT
2025-09-30 02:08:02.248,114425.1,0.004,BTCUSDT
2025-09-30 02:08:02.325,114425.1,0.247,BTCUSDT
2025-09-30 02:08:02.325,114425.1,0.001,BTCUSDT
2025-09-30 02:08:02.325,114425.1,0.003,BTCUSDT
2025-09-30 02:08:02.325,114425.1,0.025,BTCUSDT
2025-09-30 02:08:02.376,114425.2,0.011,BTCUSDT
2025-09-30 02:08:02.388,114425.1,0.017,BTCUSDT
2025-09-30 02:08:02.390,114425.1,0.001,BTCUSDT
2025-09-30 02:08:02.650,114425.1,0.032,BTCUSDT
2025-09-30 02:08:02.720,114425.2,0.001,BTCUSDT
2025-09-30 02:08:02.876,114425.2,0.001,BTCUSDT
2025-09-30 02:08:02.948,114425.1,0.009,BTCUSDT
2025-09-30 02:08:02.989,114425.1,0.002,BTCUSDT
2025-09-30 02:08:03.021,114425.2,0.001,BTCUSDT
2025-09-30 02:08:03.036,114425.2,0.264,BTCUSDT
2025-09-30 02:08:03.036,114425.2,0.155,BTCUSDT
2025-09-30 02:08:03.036,114425.2,0.581,BTCUSDT
2025-09-30 02:08:03.455,114425.2,0.043,BTCUSDT
2025-09-30 02:08:03.468,114425.1,0.002,BTCUSDT
2025-09-30 02:08:03.512,114425.2,0.01,BTCUSDT
2025-09-30 02:08:03.532,114425.1,0.1,BTCUSDT
2025-09-30 02:08:03.577,114425.2,0.022,BTCUSDT
2025-09-30 02:08:03.577,114425.2,0.008,BTCUSDT
2025-09-30 02:08:03.673,114425.1,0.005,BTCUSDT
2025-09-30 02:08:03.673,114425.1,0.082,BTCUSDT
2025-09-30 02:08:03.697,114425.2,0.003,BTCUSDT
2025-09-30 02:08:03.702,114425.1,0.032,BTCUSDT
2025-09-30 02:08:03.751,114425.2,0.015,BTCUSDT
2025-09-30 02:08:04.085,114425.1,0.004,BTCUSDT
2025-09-30 02:08:04.087,114425.1,0.015,BTCUSDT
2025-09-30 02:08:04.238,114425.1,0.034,BTCUSDT
2025-09-30 02:08:04.571,114425.2,0.009,BTCUSDT
2025-09-30 02:08:04.694,114425.1,0.009,BTCUSDT
2025-09-30 02:08:04.725,114425.2,0.026,BTCUSDT
2025-09-30 02:08:04.728,114425.1,0.031,BTCUSDT
2025-09-30 02:08:04.818,114425.1,0.001,BTCUSDT
2025-09-30 02:08:05.042,114425.1,0.005,BTCUSDT
2025-09-30 02:08:05.299,114425.1,0.004,BTCUSDT
2025-09-30 02:08:05.373,114425.2,0.035,BTCUSDT
2025-09-30 02:08:05.448,114425.1,0.015,BTCUSDT
2025-09-30 02:08:05.494,114425.1,0.003,BTCUSDT
2025-09-30 02:08:05.524,114425.2,0.001,BTCUSDT
2025-09-30 02:08:05.672,114425.1,0.031,BTCUSDT
2025-09-30 02:08:05.696,114425.1,0.001,BTCUSDT
2025-09-30 02:08:05.743,114425.2,0.024,BTCUSDT
2025-09-30 02:08:06.142,114425.1,0.001,BTCUSDT
2025-09-30 02:08:06.457,114425.1,0.002,BTCUSDT
2025-09-30 02:08:06.602,114425.1,0.006,BTCUSDT
2025-09-30 02:08:06.602,114425.1,0.014,BTCUSDT
2025-09-30 02:08:06.627,114425.1,0.017,BTCUSDT
2025-09-30 02:08:06.649,114425.1,0.015,BTCUSDT
2025-09-30 02:08:06.697,114425.1,0.016,BTCUSDT
2025-09-30 02:08:06.728,114425.1,0.031,BTCUSDT
2025-09-30 02:08:07.158,114425.1,0.003,BTCUSDT
2025-09-30 02:08:07.320,114425.1,0.006,BTCUSDT
2025-09-30 02:08:07.384,114425.1,0.127,BTCUSDT
2025-09-30 02:08:07.642,114425.1,0.008,BTCUSDT
2025-09-30 02:08:07.642,114425.1,0.019,BTCUSDT
2025-09-30 02:08:07.703,114425.1,0.007,BTCUSDT
2025-09-30 02:08:07.841,114425.1,0.007,BTCUSDT
2025-09-30 02:08:07.852,114425.1,0.031,BTCUSDT
2025-09-30 02:08:07.896,114425.2,0.01,BTCUSDT
2025-09-30 02:08:07.978,114425.2,0.002,BTCUSDT
2025-09-30 02:08:08.225,114425.1,0.129,BTCUSDT
2025-09-30 02:08:08.473,114425.1,0.002,BTCUSDT
2025-09-30 02:08:08.847,114425.2,0.024,BTCUSDT
2025-09-30 02:08:08.888,114425.1,0.012,BTCUSDT
2025-09-30 02:08:08.888,114425.1,0.026,BTCUSDT
